2038 2585
380 194 493 237 'secus
509 194 606 241 dist·
622 194 709 249 sint,
761 182 829 239 ωδ
844 194 1073 262 pulchrum
1061 210 1102 237 m
1119 194 1241 243 verbis
1257 205 1295 238 et
1311 189 1646 305 εοεωιιὲεῑῆᾶιι,
1655 184 1754 249 qnid
1769 203 1830 241 νεὶ

347 267 356 276 ·
395 255 481 293 rum
489 247 717 308 bonumque
749 254 919 296 ementiis
934 251 1038 304 infit,
1063 247 1257 304 iudicent,
1273 265 1310 294 et-
1325 252 1374 292 ad
1488 265 1594 294 enter
1600 250 1831 306 νίιιειιᾴιιω,

314 356 322 360 ὁ
397 308 458 347 vel
474 307 521 347 ad
542 321 668 348 mores
685 308 941 348 orationemue
959 305 1199 374 formandam
1217 263 1461 349 transferant.

288 368 294 379 ·
511 364 622 403 Hanc
635 363 757 404 bonos
772 358 888 410 libros
902 358 1193 416 interpret-nai
1184 364 1382 415 rationem,
1399 377 1511 415 quam
1526 376 1682 420 omnen,
1711 364 1778 415 qui
1792 364 1832 403 in
1893 404 1899 412 x
1914 372 1922 387 ⁴

398 415 497 458 reae
515 416 744 463 institutione
759 418 899 470 aliquid
913 415 1071 470 sopiunt,
1081 420 1185 464 vnice
1200 432 1326 461 veram
1343 420 1606 480 optimumque
1616 417 1846 468 existimant,-

399 487 486 513 cum
510 460 593 517 ὅ
612 479 764 526 quoque
796 475 902 514 omni
926 472 1097 533 {empore
1112 474 1334 524 tenuerim,
1343 484 1531 531 φρει-ιω
1549 470 1631 527 suni
1651 474 1738 514 iion
1761 472 1787 514 Γ
1776 488 1841 514 ne

398 529 611 580 voluptate,
639 526 874 581 classicorum
885 531 1073 585 autorum
1077 525 1236 577 lefflone
1252 528 1447 586 pleri'rq'ui
1453 528 1550 581 ladol
1571 536 1573 538 ’
1736 570 1739 573 ,

402 583 458 622 hil
476 582 544 623 esse
561 583 781 632 iucundius,
808 589 950 634 eosque·
963 575 1275 644 Xenophontem,
1292 578 1535 640 Ciceronem,
1540 572 1755 649 Οιιίὣίιι,
1758 543 1836 627 ἔξω

402 641 531 688 vium,
555 639 706 705 cupide
712 639 920 679 admodum
936 626 1169 696 cognoscere.
1219 639 1330 682 Idem
1353 644 1478 680 tamen
1501 639 1614 686 etiam
1617 639 1841 734 ιμμψιιιιὴ

398 689 491 733 §libi
515 703 643 744 antee,
669 707 749 734 tum
771 695 840 734 hic
848 688 1055 743 obserumi,
1077 692 1193 735 solere
1210 693 1296 736 fere
1298 694 1581 758 ,plerorumque
1592 688 1647 734 {tt
1696 707 1839 733 tionem

403 746 621 801 frigescere,
643 764 730 790 cum
754 748 779 789 Γ
782 750 890 801 ngula
912 749 1043 797 verba,
1067 748 1284 816 praesertim
1307 751 1395 790 alias
1413 763 1490 789 non
1507 751 1656 800 ignota,
1679 749 1840 796 curatius

407 804 654 856 explicantur3
684 804 772 854 fiue,
787 804 888 856 quod
907 802 1108 855 erecturus
1090 820 1122 844 e
1138 805 1199 845 illa
1216 806 1309 845 olim
1326 803 1410 844 satis
1433 803 1613 854 didicisse3
1643 818 1724 854 nec,
1743 818 1838 855 quae

408 874 507 899 nunc
531 873 552 898 a
575 859 750 911 magistro
772 859 975 909 addantur,
1001 875 1229 911 magnopere
1252 861 1298 899 ad
1315 859 1371 907 se,
1394 860 1453 899 vel
1469 859 1517 899 ad
1535 874 1615 899 rem
1634 861 1843 1009 pertine}

407 913 433 953 s
424 928 481 953 ue
503 914 607 974 quod
634 916 747 954 nimis
772 912 879 978 saepe
901 891 1055 953 aud’iunt
1072 928 1142 966 per
1159 929 1241 955 eam
1266 913 1379 955 occas
1367 929 1515 963 onem
1539 913 1757 954 dediscenda
1776 911 1843 953 fit

408 967 494 1016 esse,
517 983 612 1020 quae
630 968 723 1010 olim
740 971 868 1022 pueris
886 963 973 1022 ipiis
988 967 1140 1010 sollicite
1156 969 1203 1010 Γ
1185 983 1224 1010 ιιι
1240 969 1624 1021 inconstanterque
1642 985 1742 1010 emm
1751 967 1793 1009 sa

405 1039 526 1075 aequo
542 1026 670 1066 animo
685 1024 816 1066 ferunt
827 1025 951 1074 multi,
966 1025 1144 1066 vocabula
1159 1035 1323 1081 oportet,
1332 1027 1510 1082 poenitet
1512 1023 1751 1081 ,fortunade
1780 1034 1840 1067 em

401 1081 539 1136 ferire,
553 1083 828 1132 autoritatem,
846 1095 968 1136 remp.
985 1079 1242 1147 dignitatem,
1255 1083 1474 1137 ciuitatem,
1497 1094 1668 1130 curma,
1684 1080 1762 1122 cele
1787 1093 1843 1127 re,

408 1134 587 1186 clarum,
607 1134 784 1190 plebem,
806 1134 957 1189 fielus,
988 1135 1214 1184 inuidiam,
1239 1134 1408 1189 crimen,
1432 1130 1657 1195 confilium,
1679 1136 1844 1187 itemque

409 1192 659 1241 conuincere,
677 1192 837 1241 conari,
855 1204 892 1231 et
913 1192 983 1232 alia
998 1191 1163 1242 infinita,
1182 1207 1258 1233 non
1272 1190 1438 1244 semper,
1464 1204 1537 1232 aut
1542 1204 1651 1242 raro,
1659 1203 1739 1236 aur
1747 1204 1844 1231 nun

412 1260 526 1309 quam
544 1260 585 1285 ea
590 1260 719 1306 ²quae
735 1247 953 1295 didicerint,
971 1245 1031 1286 sed
1051 1248 1121 1286 ulia
1139 1248 1287 1295 omnia,
1304 1246 1329 1286 Γ
1330 1243 1524 1298 gnificat-e,
1540 1244 1651 1297 seque
1665 1247 1775 1285 toties
1790 1259 1848 1284 re·

412 1301 475 1342 iici
499 1315 585 1340 cum
590 1275 773 1341 infausto
792 1299 1027 1342 vocabulario
1046 1300 1134 1359 suo
1162 1304 1268 1342 cuius
1283 1299 1510 1353 sapientiam
1523 1313 1627 1341 tanto
1641 1300 1767 1341 labore
1782 1298 1848 1340 fibi

412 1354 609 1395 constitiffe
623 1356 893 1404 recordentur,
915 1370 950 1396 et
967 1357 1079 1407 quam
1099 1372 1196 1396 nune
1210 1371 1283 1408 pro
1298 1356 1446 1396 stultitia
1467 1356 1668 1396 iubeantur
1676 1356 1847 1396 abiicere.

414 1411 489 1450 His
513 1409 559 1448 de
575 1409 666 1448 caus
654 1425 709 1457 s
733 1410 869 1460 quibus
887 1413 997 1452 etiam
1014 1409 1218 1455 solemnem
1236 1411 1323 1452 huic
1338 1412 1448 1452 aetati
1462 1413 1691 1453 minutarum
1707 1423 1848 1462 rerum,

415 1465 567 1516 (quales
583 1478 681 1504 certe
696 1440 783 1516 ipsis
799 1465 990 1520 videntur)
1014 1477 1248 1508 contemtum
1274 1465 1520 1508 annumerare
1541 1468 1648 1514 licet,
1673 1467 1849 1507 credibile

414 1520 479 1569 est,
498 1517 748 1559 adolescentes
765 1517 835 1558 effe
852 1521 1149 1580 negligentiores,
1160 1523 1217 1560 vel
1232 1522 1373 1560 alienos
1388 1523 1484 1561 adeo
1500 1522 1546 1560 ab
1567 1523 1635 1561 hac
1645 1521 1851 1563 verborum

415 1576 592 1616 curatiori
608 1573 837 1626 philologia,
861 1571 888 1612 Γ
875 1587 935 1612 ne
953 1588 1025 1628 qua
1042 1587 1166 1613 tamen
1180 1589 1301 1624 neque
1317 1573 1497 1617 blidior
1487 1576 1766 1626 interpretatio,
1789 1590 1852 1615 ne-

377 1678 382 1682 ,
416 1645 489 1681 que
503 1628 573 1669 stili
593 1629 664 1668 vlla
680 1629 858 1681 elegantia
880 1624 1004 1668 locum
1023 1629 1158 1668 habere
1172 1628 1304 1679 potest.
1364 1632 1490 1684 Qare
1504 1628 1569 1669 ista
1586 1629 1632 1669 de
1647 1630 1768 1671 verbis
1783 1629 1809 1669 Γ
1798 1644 1852 1670 ιι

415 1686 511 1738 gulis
530 1698 736 1736 eorumque
752 1685 856 1723 vario
871 1682 897 1722 Γ
897 1682 1071 1736 gnificatu
1085 1697 1122 1724 et
1137 1682 1201 1724 vsu
1217 1681 1477 1736 philosophia,
1495 1677 1679 1725 tironibus
1693 1685 1750 1725 vel
1769 1698 1850 1726 mei

415 1743 514 1781 xime
532 1740 582 1780 est
601 1739 925 1788 commendanda,
950 1754 1070 1791 neque
1085 1740 1418 1788 committendum,
1439 1753 1479 1780 vt
1493 1740 1666 1789 credant,
1689 1741 1853 1792 aliquem

417 1796 482 1837 vel
497 1793 595 1837 reste
617 1795 823 1847 intelligere
847 1794 966 1836 bonos
982 1808 1154 1844 autores,
1174 1795 1232 1835 vel
1252 1790 1483 1837 laudabiliter
1498 1794 1676 1846 scribere,
1701 1794 1767 1840 nifi
1784 1795 1852 1837 fin-

416 1853 610 1904 gulorum,
625 1851 711 1890 vel
701 1865 740 1889 in
757 1849 833 1898 sua,
846 1851 929 1890 vel
921 1866 956 1890 m
972 1852 1090 1890 aliena
1107 1847 1326 1902 scriptione,
1350 1851 1553 1892 verborum
1567 1865 1772 1892 accuratam
1793 1860 1852 1892 ra-

418 1909 562 1947 tionem
577 1905 734 1945 reddere
750 1904 844 1958 poff
845 1918 871 1947 t
928 1906 1044 1962 Qud
1065 1919 1104 1946 vt
1129 1903 1275 1947 facilius
1297 1905 1411 1947 nostri
1429 1906 1537 1947 nobis
1551 1906 1722 1956 credant,
1750 1909 1854 1948 iuuat

420 1963 530 2003 edere
547 1960 734 2014 specimen
749 1961 901 2012 aliquod
927 1963 1056 2002 talium
1083 1960 1384 2003 obseruationum
1410 1964 1450 2002 in
1469 1964 1548 2002 loca
1567 1958 1706 2013 aliquid
1725 1962 1852 2003 obscu-

419 2019 538 2059 ritatis
555 2018 726 2057 habentia
730 2017 900 2068 ,quales'
890 2031 927 2057 ln
943 2019 1247 2070 interpretatione
1264 2030 1438 2058 autorum
1457 2016 1624 2069 quotidie
1635 2030 1854 2066 occurrunt3

422 2087 460 2114 vt
474 2074 532 2114 vel
547 2073 634 2113 inde
650 2048 877 2124 intelligant,
893 2088 966 2113 non
983 2072 1053 2113 esse
1069 2074 1154 2115 talia
1177 2073 1468 2123 contemnenda,
1485 2072 1588 2125 quod
1605 2075 1716 2116 etiam
1731 2073 1855 2127 publi·

419 2144 460 2170 ce
477 2131 645 2182 proponi
658 2142 735 2170 non
750 2126 906 2174 visasint
922 2129 1086 2214 indigna.

1672 2158 1850 2226 'Praeta-
